%% This BibTeX bibliography file was created using BibDesk.
%% http://bibdesk.sourceforge.net/

%% Created for Kyle Bocinsky at 2018-02-26 09:38:54 -0700 


%% Saved with string encoding Unicode (UTF-8) 



@article{Bocinsky2017,
	Author = {Bocinsky, R. Kyle and Varien, Mark D.},
	Date-Added = {2018-02-26 16:38:48 +0000},
	Date-Modified = {2018-02-26 16:38:48 +0000},
	Journal = {Ethnobiology},
	Number = {2},
	Pages = {282--307},
	Title = {Comparing Maize Paleoproduction Models with Experimental Data},
	Volume = {37},
	Year = {2017},
	Bdsk-File-1 = {YnBsaXN0MDDUAQIDBAUGJCVYJHZlcnNpb25YJG9iamVjdHNZJGFyY2hpdmVyVCR0b3ASAAGGoKgHCBMUFRYaIVUkbnVsbNMJCgsMDxJXTlMua2V5c1pOUy5vYmplY3RzViRjbGFzc6INDoACgAOiEBGABIAFgAdccmVsYXRpdmVQYXRoWWFsaWFzRGF0YV8QQy4uLy4uLy4uLy4uLy4uLy4uLy4uL0lNUE9SVEFOVC9XU1UvUkVTRUFSQ0gvUGFwZXJzL0JvY2luc2t5MjAxNy5wZGbSFwsYGVdOUy5kYXRhTxEBeAAAAAABeAACAAALQk9DSU5TS1kgSEQAAAAAAAAAAAAAAAAAAAAAAAAAAEJEAAH/////EEJvY2luc2t5MjAxNy5wZGYAAAAAAAAAAAAAAAAAAAAAAAAAAAAAAAAAAAAAAAAAAAAAAAAAAAAAAAAAAAAAAP////8AAAAAAAAAAAAAAAAABwAFAAAKIGN1AAAAAAAAAAAAAAAAAAZQYXBlcnMAAgA/LzpVc2Vyczpib2NpbnNreTpJTVBPUlRBTlQ6V1NVOlJFU0VBUkNIOlBhcGVyczpCb2NpbnNreTIwMTcucGRmAAAOACIAEABCAG8AYwBpAG4AcwBrAHkAMgAwADEANwAuAHAAZABmAA8AGAALAEIATwBDAEkATgBTAEsAWQAgAEgARAASAD1Vc2Vycy9ib2NpbnNreS9JTVBPUlRBTlQvV1NVL1JFU0VBUkNIL1BhcGVycy9Cb2NpbnNreTIwMTcucGRmAAATAAEvAAAVAAIAD///AACABtIbHB0eWiRjbGFzc25hbWVYJGNsYXNzZXNdTlNNdXRhYmxlRGF0YaMdHyBWTlNEYXRhWE5TT2JqZWN00hscIiNcTlNEaWN0aW9uYXJ5oiIgXxAPTlNLZXllZEFyY2hpdmVy0SYnVHJvb3SAAQAIABEAGgAjAC0AMgA3AEAARgBNAFUAYABnAGoAbABuAHEAcwB1AHcAhACOANQA2QDhAl0CXwJkAm8CeAKGAooCkQKaAp8CrAKvAsECxALJAAAAAAAAAgEAAAAAAAAAKAAAAAAAAAAAAAAAAAAAAss=}}
